@book{NetFlixEtCie,
	author = {Capucine Cousin},
    title = {Netflix & Cie: Les coulisses d'une (r)évolution},
    year = 2018
}

@online{NetflixNumerama,
	title = {Netflix, un géant seul au monde},
    author = {Julien Cadot},
    url = {http://www.numerama.com/pop-culture/162823-netflix-un-geant-seul-au-monde.html},
    date = {2016-04-13}
}

@online{FigaroChiffre,
	title = {Netflix dépasse la barre des 5 millions d'abonnés en France},
    author = {Caroline Sallé, Enguérand Renault},
    url = {http://www.lefigaro.fr/medias/2019/02/13/20004-20190213ARTFIG00119-netflix-depasse-la-barre-des-5-millions-d-abonnes-en-france.php},
    date = {2016-04-24}
}

@online{NPA,
	title = {SURFER EN TOUTE LIBERTÉ-LE BAROMÈTRE SVOD},
    author = {NPA, Harris Interractive},
    url = {https://harris-interactive.fr/wp-content/uploads/sites/6/2017/11/Barometre-Conso-SVoD-Harris-NPA-resultats.pdf},
    date = {2016-04-24}
}

@PhDThesis{MACQUEEN,
  author = {James MACQUEEN},
  year = {1967},
  title = {SOME METHODS FOR CLASSIFICATION AND ANALYSIS OF MULTIVARIATE OBSERVATIONS},
  school = {University of California, Los Angeles},
}

@PhDThesis{Grundy,
  author = {ELAINE RICH},
  year = {1979},
  title = {User Modeling via Stereotypes*},
  school = {University of Texas, Austin},
}




@article{ieee,
    author =       "Gediminas Adomavicius, Alexander Tuzhilin",
    title =        "Toward the Next Generation of Recommender Systems: A Survey of the State-of-the-Art and Possible Extensions",
    journal =      "IEEE TRANSACTIONS ON KNOWLEDGE AND DATA ENGINEERING",
    volume =       "17",
    number =       "6",
    pages =        "734--749",
    year =         "2005",
    DOI =          "http://citeseerx.ist.psu.edu/viewdoc/download?doi=10.1.1.695.6428&rep=rep1&type=pdf"
}

@book{elsaNegre,
	author = {elsa Negre},
    title = {Systèmes de recommandation: Introduction},
    year = 2015
}


@PhDThesis{RobinBurke,
  author = {Robin Burke},
  year = {2002},
  title = {Hybrid recommender systems : Survey and experiments. User Modeling and User-Adapted Interaction},
  school = {California State University, Fullerton },
}


@book{RSIntro,
	author = {D. Jannach,M. Zanker,A. Felfernig},
    title = {Recommender Systems: An Introduction},
    year = 2010
}


@article{netflixRS&BusinessValue,
  added-at = {2018-11-14T00:00:00.000+0100},
  author = {Gomez-Uribe, Carlos A. and Hunt, Neil},
  biburl = {https://www.bibsonomy.org/bibtex/22e0f75dea85097f675d06746797b3b40/dblp},
  ee = {https://www.wikidata.org/entity/Q56341818},
  interhash = {437b06295e61a1d5842200f17980dd04},
  intrahash = {2e0f75dea85097f675d06746797b3b40},
  journal = {ACM Trans. Management Inf. Syst.},
  keywords = {dblp},
  number = 4,
  pages = {13:1-13:19},
  timestamp = {2018-11-15T15:37:29.000+0100},
  title = {The Netflix Recommender System: Algorithms, Business Value, and Innovation.},
  url = {http://dblp.uni-trier.de/db/journals/tmis/tmis6.html#Gomez-UribeH16},
  volume = 6,
  year = 2016
}

@online{1/5,
	title = {Decoding the Defenders: Netflix Unveils the Gateway Shows That Lead to a Heroic Binge},
    author = {Netflix inc},
    url = {https://media.netflix.com/en/press-releases/decoding-the-defenders-netflix-unveils-the-gateway-shows-that-lead-to-a-heroic-binge},
    date = {22 August 2017}
}

@article{Anonymity,
    author =       "GArvind Narayanan and Vitaly Shmatikov",
    title =        "How To Break Anonymity of
the Netflix Prize Dataset",
    journal =      "The University of Texas at Austin",
    year =         "2007",
    DOI =          "http://citeseerx.ist.psu.edu/viewdoc/download?doi=10.1.1.100.3581&rep=rep1&type=pdf"
}



@online{ResultPrize,
	title = {Netflix Recommendations: Beyond the 5 stars (Part 1)},
    author = { Xavier Amatriain and Justin Basilico,Netflix inc},
    url = {https://medium.com/netflix-techblog/netflix-recommendations-beyond-the-5-stars-part-1-55838468f429},
    date = {6 August 2012}
}


@online{p80,
	title = {Netflix says 80 percent of watched content is based on algorithmic recommendations},
    author = {Sameer Chhabra},
    url = {https://mobilesyrup.com/2017/08/22/80-percent-netflix-shows-discovered-recommendation/},
    date = {2017-06-22}
}



@online{franceInfoEnq,
	title = {ENQUETE FRANCEINFO. COMMENT NETFLIX S’Y PREND POUR NOUS RENDRE ACCROS},
    author = {Elodie Drouard et Benoît Zagdoun},
    url = {https://www.francetvinfo.fr/culture/series/netflix/enquete-franceinfo-comment-netflix-sy-prend-pour-nous-rendre-accros_3189939.html},
    date = {2019-05-22}
}


@online{fornite,
	title = {Netflix says Fortnite is bigger competition than HBO or Hulu},
    author = {Matt Patches},
    url = {https://www.polygon.com/2019/1/17/18187400/netflix-vs-fortnite-hbo-hulu-competition},
    date = {2019-01-17}
}


@article{BellKor,
    author =       "Yehuda Koren",
    title =        "The BellKor Solution to the Netflix Grand Prize",
    journal =      "Netflix inc",
    year =         "2009",
    DOI =          "https://www.netflixprize.com/assets/GrandPrize2009_BPC_BellKor.pdf"
}
@article{Pragmatic,
    author =       "Martin Piotte and Martin Chabbert ",
    title =        "The Pragmatic Theory solution to the Netflix Grand Prize",
    journal =      "Netflix inc",
    year =         "2009",
    DOI =          "https://www.netflixprize.com/assets/GrandPrize2009_BPC_PragmaticTheory.pdf"
}
@article{BigChaos,
    author =       "Andreas T¨oscher and Michael Jahrer",
    title =        "The BigChaos Solution to the Netflix Grand Prize",
    journal =      "Netflix inc",
    year =         "2009",
    DOI =          "https://www.netflixprize.com/assets/GrandPrize2009_BPC_BigChaos.pdf"
}


@online{NetflixOrigins,
	title = {Out of Africa, Onto the Web},
    author = {Amy Zipkin},
    url = {http://www.nytimes.com/2006/12/17/jobs/17boss.html},
    date = {2006-12-17}
}

@online{MachineLearn,
	title = {Introduction aux systèmes de recommandation},
    author = {Toby Daigle},
    url = {http://penseeartificielle.fr/difference-intelligence-artificielle-machine-learning-deep-learning/#Le_machine_learning},
    date = {2017-02-08}
}


@online{LessonsFromNetflixPrize,
	title = {Lessons from the Netflix Prize},
    author = {Yehuda Koren},
    url = {https://slideplayer.com/slide/4969876/},
    date = {2015-02-08}
}